<?xml version="1.0" encoding="UTF-8"?><collection xmlns="http://www.loc.gov/MARC21/slim"><record><leader>00330nam--2200133-i-4500</leader><controlfield tag="001">000012984</controlfield><controlfield tag="002">20161230</controlfield><controlfield tag="005">20161230201030</controlfield><controlfield tag="008">060222s1000------------r-----000-0-eng-d</controlfield><datafield ind1=" " ind2=" " tag="080"><subfield code="a">543.51:519.688</subfield></datafield><datafield ind1=" " ind2=" " tag="100"><subfield code="a">Chapman,J.R</subfield></datafield><datafield ind1=" " ind2=" " tag="245"><subfield code="a">Computers in mass spectrometry</subfield></datafield><datafield ind1=" " ind2=" " tag="260"><subfield code="a">London,Academic Press,1978. X + 265p</subfield></datafield><datafield ind1=" " ind2=" " tag="852"><subfield code="a">46957</subfield></datafield></record></collection>